@inproceedings{liu2010indoor,
  title={Indoor localization and visualization using a human-operated backpack system},
  author={Liu, T. and Carlberg, M. and Chen, G. and Chen, J. and Kua, J. and Zakhor, A.},
  booktitle={Indoor Positioning and Indoor Navigation (IPIN), 2010 International Conference on},
  pages={1--10},
  year={2010},
  organization={IEEE}
}

@inproceedings{lowe1999object,
  title={Object recognition from local scale-invariant features},
  author={Lowe, D.G.},
  booktitle={Computer Vision, 1999. The Proceedings of the Seventh IEEE International Conference on},
  volume={2},
  pages={1150--1157},
  year={1999},
  organization={Ieee}
}

@article{mikolajczyk2005performance,
  title={A performance evaluation of local descriptors},
  author={Mikolajczyk, K. and Schmid, C.},
  journal={Pattern Analysis and Machine Intelligence, IEEE Transactions on},
  volume={27},
  number={10},
  pages={1615--1630},
  year={2005},
  publisher={IEEE}
}

@article{szeliski2006image,
  title={Image alignment and stitching: A tutorial},
  author={Szeliski, R.},
  journal={Foundations and Trends{\textregistered} in Computer Graphics and Vision},
  volume={2},
  number={1},
  pages={1--104},
  year={2006},
  publisher={Now Publishers Inc.}
}

@inproceedings{chen2010indoor,
  title={Indoor localization algorithms for a human-operated backpack system},
  author={Chen, G. and Kua, J. and Shum, S. and Naikal, N. and Carlberg, M. and Zakhor, A.},
  booktitle={Int. Symp. on 3D Data, Processing, Visualization and Transmission (3DPVT)},
  year={2010},
}

@article{fischler1981random,
  title={Random sample consensus: a paradigm for model fitting with applications to image analysis and automated cartography},
  author={Fischler, M.A. and Bolles, R.C.},
  journal={Communications of the ACM},
  volume={24},
  number={6},
  pages={381--395},
  year={1981},
  publisher={ACM}
}

@article{dijkstra,
  title={A note on two problems in connexion graphs},
  author={Dijkstra, E.W.},
  journal={Numerische Mathematik},
  volume={1},
  pages={269--271},
  year={1959},
}

@inproceedings{sanchez2012point,
  title={Planar 3D Modeling of Building Interiors from Point Cloud Data},
  author={Sanchez, V. and Zakhor, A.},
  booktitle={Internation Conference on Image Processing},
  year={2012}
}


@inproceedings{kua2012loopclosure,
  title={Automatic Loop Closure Detection Using Multiple Cameras for 3D Indoor Localization},
  author={Kua, J. and Corso, N. and Zakhor, A.},
  booktitle={IS\&T/SPIE Electronic Imaging},
  year={2012}
}

@book{rayintersection,
  title={An introduction to ray tracing},
  author={Glassner, A. and others},
  year={1989},
  publisher={Academic Press}
}

@misc{autostitch,
  title={AutoStitch},
  author={Brown, M. and Lowe, D.},
  howpublished={\url{http://www.cs.bath.ac.uk/brown/autostitch/autostitch.html}}}

@misc{siftgpu,
  title={SiftGPU},
  author={Wu, C.},
  howpublished={\url{http://www.cs.unc.edu/~ccwu/siftgpu/}}
}
