@book{hz,
  title={Multiple view geometry in computer vision},
  author={Hartley, R. and Zisserman, A.},
  volume={2},
  year={2000},
  publisher={Cambridge Univ Press}
}

@book{rayintersection,
  title={An introduction to ray tracing},
  author={Glassner, A. and others},
  year={1989},
  publisher={Academic Press}
}

@inproceedings{lowe1999object,
  title={Object recognition from local scale-invariant features},
  author={Lowe, D.G.},
  booktitle={Computer Vision, 1999. The Proceedings of the Seventh IEEE International Conference on},
  volume={2},
  pages={1150--1157},
  year={1999},
  organization={Ieee}
}

@article{brown2007automatic,
  title={Automatic panoramic image stitching using invariant features},
  author={Brown, M. and Lowe, D.G.},
  journal={International Journal of Computer Vision},
  volume={74},
  number={1},
  pages={59--73},
  year={2007},
  publisher={Springer}
}

@inproceedings{liu2010indoor,
  title={Indoor localization and visualization using a human-operated backpack system},
  author={Liu, T. and Carlberg, M. and Chen, G. and Chen, J. and Kua, J. and Zakhor, A.},
  booktitle={Indoor Positioning and Indoor Navigation (IPIN), 2010 International Conference on},
  pages={1--10},
  year={2010},
  organization={IEEE}
}
@inproceedings{chen2010indoor,
  title={Indoor localization algorithms for a human-operated backpack system},
  author={Chen, G. and Kua, J. and Shum, S. and Naikal, N. and Carlberg, M. and Zakhor, A.},
  booktitle={Int. Symp. on 3D Data, Processing, Visualization and Transmission (3DPVT)},
  year={2010},
  organization={Citeseer}
}

@article{fischler1981random,
  title={Random sample consensus: a paradigm for model fitting with applications to image analysis and automated cartography},
  author={Fischler, M.A. and Bolles, R.C.},
  journal={Communications of the ACM},
  volume={24},
  number={6},
  pages={381--395},
  year={1981},
  publisher={ACM}
}


@inproceedings{sanchez2012point,
  title={Planar 3D Modeling of Building Interiors from Point Cloud Data},
  author={Sanchez, V. and Zakhor, A.},
  booktitle={Internation Conference on Image Processing},
  year={2012}
}

@inproceedings{kua2012loopclosure,
  title={Automatic Loop Closure Detection Using Multiple Cameras for 3D Indoor Localization},
  author={Kua, J. and Corso, N. and Zakhor, A.},
  booktitle={IS\&T/SPIE Electronic Imaging},
  year={2012}
}

@article{dijkstra,
  title={A note on two problems in connexion graphs},
  author={Dijkstra, E.W.},
  journal={Numerische Mathematik},
  volume={1},
  pages={269--271},
  year={1959},
}

@inproceedings{agarwalapanoramas,
  title={Photographing long scenes with multi-viewpoint panoramas},
  author={Agarwala, A. and Agrawala, M. and Cohen, M. and Salesin, D. and Szeliski, R.},
  booktitle={ACM Transactions on Graphics (TOG)},
  volume={25},
  pages={853--861},
  year={2006},
  organization={ACM}
}

@inproceedings{snavelyphototourism,
  title={Photo tourism: exploring photo collections in 3D},
  author={Snavely, N. and Seitz, S.M. and Szeliski, R.},
  booktitle={ACM Transactions on Graphics (TOG)},
  volume={25},
  pages={835--846},
  year={2006},
  organization={ACM}
}

@inproceedings{wangmultipleviews,
  title={Optimal texture map reconstruction from multiple views},
  author={Wang, L. and Kang, S.B. and Szeliski, R. and Shum, H.Y.},
  booktitle={Computer Vision and Pattern Recognition, 2001. CVPR 2001. Proceedings of the 2001 IEEE Computer Society Conference on},
  volume={1},
  pages={I--347},
  year={2001},
  organization={IEEE}
}

@inproceedings{coorg1997matching,
  title={Matching and pose refinement with camera pose estimates},
  author={Coorg, S. and Teller, S.},
  booktitle={Proceedings of the 1997 Image Understanding Workshop},
  year={1997}
}

@inproceedings{debevechybrid,
  title={Modeling and rendering architecture from photographs: A hybrid geometry-and image-based approach},
  author={Debevec, P.E. and Taylor, C.J. and Malik, J.},
  booktitle={Proceedings of the 23rd annual conference on Computer graphics and interactive techniques},
  pages={11--20},
  year={1996},
  organization={ACM}
}

@inproceedings{debevecviewdependent,
  title={Efficient view-dependent image-based rendering with projective texture-mapping},
  author={Debevec, P.E. and Yu, Y. and Borshukov, G.},
  booktitle={Eurographics Rendering Workshop},
  volume={98},
  pages={105--116},
  year={1998}
}

@article{bernardinimultiplescans,
  title={High-quality texture reconstruction from multiple scans},
  author={Bernardini, F. and Martin, I.M. and Rushmeier, H.},
  journal={Visualization and Computer Graphics, IEEE Transactions on},
  volume={7},
  number={4},
  pages={318--332},
  year={2001},
  publisher={IEEE}
}

@misc{autostitch,
  title={AutoStitch},
  author={Brown, M. and Lowe, D.},
  howpublished={\url{http://www.cs.bath.ac.uk/brown/autostitch/autostitch.html}}}

@misc{matlabsift,
  title={MATLAB SIFT Implementation},
  author={Vedaldi, A.},
  howpublished={\url{http://www.vlfeat.org/~vedaldi/code/sift.html}}
}

@article{szeliski2006image,
  title={Image alignment and stitching: A tutorial},
  author={Szeliski, R.},
  journal={Foundations and Trends{\textregistered} in Computer Graphics and Vision},
  volume={2},
  number={1},
  pages={1--104},
  year={2006},
  publisher={Now Publishers Inc.}
}

@article{mikolajczyk2004scale,
  title={Scale \& affine invariant interest point detectors},
  author={Mikolajczyk, K. and Schmid, C.},
  journal={International journal of computer vision},
  volume={60},
  number={1},
  pages={63--86},
  year={2004},
  publisher={Springer}
}

@article{mikolajczyk2005performance,
  title={A performance evaluation of local descriptors},
  author={Mikolajczyk, K. and Schmid, C.},
  journal={Pattern Analysis and Machine Intelligence, IEEE Transactions on},
  volume={27},
  number={10},
  pages={1615--1630},
  year={2005},
  publisher={IEEE}
}

@book{ishikawa2002efficient,
  title={Efficient image alignment with outlier rejection},
  author={Ishikawa, T. and Matthews, I. and Baker, S.},
  year={2002},
  publisher={Citeseer}
}

@inproceedings{lai1999robust,
  title={Robust and efficient image alignment with spatially varying illumination models},
  author={Lai, S.H. and Fang, M.},
  booktitle={Computer Vision and Pattern Recognition, 1999. IEEE Computer Society Conference on.},
  volume={2},
  year={1999},
  organization={IEEE}
}

@inproceedings{lucas1981iterative,
  title={An iterative image registration technique with an application to stereo vision},
  author={Lucas, B.D. and Kanade, T.},
  booktitle={Proceedings of the 7th international joint conference on Artificial intelligence},
  year={1981}
}

@article{hager1998efficient,
  title={Efficient region tracking with parametric models of geometry and illumination},
  author={Hager, G.D. and Belhumeur, P.N.},
  journal={Pattern Analysis and Machine Intelligence, IEEE Transactions on},
  volume={20},
  pages={1025--1039},
  year={1998},
  publisher={IEEE}
}

@article{shum2000systems,
  title={Systems and experiment paper: Construction of panoramic image mosaics with global and local alignment},
  author={Shum, H.Y. and Szeliski, R.},
  journal={International Journal of Computer Vision},
  volume={36},
  pages={101--130},
  year={2000},
  publisher={Springer}
}

@inproceedings{cho2003automatic,
  title={Automatic image mosaic system using image feature detection and taylor series},
  author={Cho, S.H. and Chung, Y. and Lee, J.Y.},
  booktitle={Proceedings of the 7th International Conference on Digital Image Computing: Techniques and Applications},
  pages={549--556},
  year={2003}
}

@article{yun2003comprehensive,
  title={Comprehensive interest points based imaging mosaic},
  author={Yun Tian, G. and Gledhill, D. and Taylor, D.},
  journal={Pattern recognition letters},
  volume={24},
  pages={1171--1179},
  year={2003},
  publisher={Elsevier}
}

@inproceedings{szeliski1997creating,
  title={Creating full view panoramic image mosaics and texture-mapped models},
  author={Szeliski, R. and Shum, H.Y.},
  booktitle={SIGGRAPH 95},
  pages={251--258},
  year={1997},
  organization={ACM SIGGRAPH}
}